<?xml version="1.0" encoding="UTF-8"?><collection><record><leader>07645ntm a2200613 a 4500</leader><controlfield tag="001">006813679</controlfield><controlfield tag="003">MiAaHDL</controlfield><controlfield tag="005">20190719000000.0</controlfield><controlfield tag="006">m        d        </controlfield><controlfield tag="007">cr bn ---auaua</controlfield><controlfield tag="008">090606s1745    xx            00| ||ota d</controlfield><datafield tag="035" ind1=" " ind2=" "><subfield code="a">(MiU)006813679</subfield></datafield><datafield tag="035" ind1=" " ind2=" "><subfield code="a">sdr-miu006813679</subfield></datafield><datafield tag="040" ind1=" " ind2=" "><subfield code="a">MiU</subfield><subfield code="c">MiU</subfield><subfield code="e">amremm</subfield></datafield><datafield tag="041" ind1="0" ind2=" "><subfield code="a">ota</subfield><subfield code="a">per</subfield></datafield><datafield tag="043" ind1=" " ind2=" "><subfield code="a">n-us-mi</subfield><subfield code="a">a-ir---</subfield></datafield><datafield tag="100" ind1="0" ind2=" "><subfield code="6">880-01</subfield><subfield code="a">Nâilî Ahmet Efendi,</subfield><subfield code="d">d. 1748</subfield></datafield><datafield tag="245" ind1="1" ind2="0"><subfield code="6">880-03</subfield><subfield code="a">Mā lā budda minhu lil-adīb min al-mashhūr wa-al-gharīb ʻalá Tārīkh Waṣṣāf,</subfield><subfield code="f">[ca. 1745].</subfield></datafield><datafield tag="246" ind1="3" ind2=" "><subfield code="a">ما لا بد منه للاديب من المشهور والغريب في شرح لغات تاريخ وصاف</subfield></datafield><datafield tag="246" ind1="3" ind2=" "><subfield code="a">Tarih-i Vassaf şerhi</subfield></datafield><datafield tag="260" ind1=" " ind2=" "><subfield code="c">[ca. 1745].</subfield></datafield><datafield tag="300" ind1=" " ind2=" "><subfield code="a">290 leaves :</subfield><subfield code="b">paper ;</subfield><subfield code="c">300 x 168 (210 x 89) mm.</subfield></datafield><datafield tag="500" ind1=" " ind2=" "><subfield code="a">Shelfmark: Ann Arbor, University of Michigan, Special Collections Library, Isl. Ms. 449</subfield></datafield><datafield tag="500" ind1=" " ind2=" "><subfield code="a">Origin: Lacks dated colophon ; decoration, paper, etc. would certainly suggest 18th century and dated watermark would more specifically suggest ca. 1745 (within a couple of decades following).</subfield></datafield><datafield tag="500" ind1=" " ind2=" "><subfield code="a">Accompanying materials: Blank slip of pink wove paper stamped with shelfmark "449" (paginated pp.335-336).</subfield></datafield><datafield tag="500" ind1=" " ind2=" "><subfield code="a">Former shelfmark: "202 T. De M. [i.e. Tammaro De Marinis]" inscribed in pencil on verso of front flyleaf.</subfield></datafield><datafield tag="500" ind1=" " ind2=" "><subfield code="a">Binding: Pasteboards covered in tan leather ; Type II binding (with flap) ; doublures in deep red leather with outline of mandorla and pendants (interior flecked with silver) as well as tooled border in gold ; flyleaves in pink surface-dyed European laid paper with design echoing that of the doublures ; upper and lower covers carry splendid stamped (recessed onlays in red leather) and gold-painted mandorla (filled with vegetal decoration reminiscent of Déroche class. NSd 2) and pendants as well as gold-tooled accents and guilloché roll border ; sewn in dark pink thread, two stations ; worked chevron endbands in dark cream and pale yellow, good condition ; overall in fair condition with some abrasion, upper joint splitting and cover detaching, joints at fore edge flap also damaged, etc.</subfield></datafield><datafield tag="500" ind1=" " ind2=" "><subfield code="a">Support: European laid paper of several types, all with raisin watermarks and accompanying names ; one type with roughly 12 laid lines per cm. (horizontal), chain lines spaced 24-25 mm. apart (vertical), and watermarks of grapes (raisin) with cartouche and crown above (see p.12, 52, etc.) and of crown, grapes and name (see p.16, 18, 24, etc.), crisp and sturdy, well-burnished, dark cream to beige in color ; another type with 11-12 laid lines per cm. (horizontal), chain lines spaced 21-22 mm. apart (vertical) and watermark of large crown above name and grapes (see p.40, 192, 248, 310, 294, etc.) ; other watermarks include crown over cartouche with "P G" and grapes below (p.210, etc.) and watermark of grapes with crown, name and date "1745" above (see p.486, 488, 496) ; rare bifolia tinted pale pink, mint green, or bright yellow ; wax spilled on p.150.</subfield></datafield><datafield tag="500" ind1=" " ind2=" "><subfield code="a">Decoration: Superbly executed illuminated headpiece (ʻunwān) at opening on p.2 consisting of w-shaped piece with empty cartouche in gold surrounded by a rich floral vegetal pattern in shades of blue, pink, lavender, red, green, and white on a field of gold ; entire piece set into well of blue, red and gold and surmounted by vertical stalks (tīgh) in blue and red ; margins of the incipit and facing page are filled with a swirling floral pattern in gold with pink accents ; section headings, keywords and letters, and abbreviation symbols rubricated ; textual dividers in the form of red discs, letter hāʼ, etc. ; overlining in red ; written area surrounded by a heavy gold frame ; diagram on p.109.</subfield></datafield><datafield tag="500" ind1=" " ind2=" "><subfield code="a">Script: Naskh ; fine, compact Turkish hand ; virtually serifless with curvilinear descenders ; freely ligatured with alif often joined to following lām, tail of waw or rāʼ assimilated with following hāʼ, point of nūn assimilated with bowl, etc. ; pointing in strokes rather than distinct dots ; some passages partially vocalized.</subfield></datafield><datafield tag="500" ind1=" " ind2=" "><subfield code="a">Layout: Written in 35 lines per page ; frame-ruled.</subfield></datafield><datafield tag="500" ind1=" " ind2=" "><subfield code="a">Collation: i, 29 V(290), i ; exclusively quinions ; catchwords present ; pagination in pencil, Western numerals, supplied during digitization (includes inserts).</subfield></datafield><datafield tag="500" ind1=" " ind2=" "><subfield code="a">Explicit: "سايه مبارك پاينده بادشايان اولدوغى كبى وهكذا قد سهل الله سبحانه وتعالى علينا ما رمناه من المقاصد الغالية والحمد كل الحمد لربنا رب المبدعات من العشرة العالية والمكونات من التسع الدايرة والمحدثات من السفليات البالية والصلوة صفو الصلوة على سيد الصافات من النفوس الفاضلة وقوم الفارسات من العقول الهادية نبى جلا ويا جير الرنية [ويا خير البرية؟] وازال عمارها وعلى اله وصحبه ما انزلت السماء سماها واخرجت الارض سماءها"</subfield></datafield><datafield tag="500" ind1=" " ind2=" "><subfield code="a">Incipit: "باب الالف فصل آا الممدودتين آءة اصلى آتى در قلب مكانى ايله يا تقديم اوهوب همزه يه قلب اهمشدر كليجى معناسنه زمان آتيه و اخبار مستقبله ده استعمال اولنور اذا اعلمتك الحادثات بما مضى اى من الشدايد والضيق ..."</subfield></datafield><datafield tag="500" ind1=" " ind2=" "><subfield code="a">Title from inscription on 'title page' (p.1).</subfield></datafield><datafield tag="500" ind1=" " ind2=" "><subfield code="a">Ms. codex.</subfield></datafield><datafield tag="510" ind1="3" ind2=" "><subfield code="a">Pfeiffer, Judith. "'A turgid history of the Mongol empire in Persia:' espistimological reflections concerning a critical edition of Vaṣṣāf's Tajziyat al-amṣār wa-tazjiyat al-aʻṣār." In Theoretical approaches to the transmission and edition of Oriental manuscripts. Proceedings of a symposium held in Istanbul, March 28-30, 2001, Eds. Judith Pfeiffer and Manfred Kropp (Beirut: Ergon verlag Würzburg in Kommission, 2007):</subfield><subfield code="c">107-123.</subfield></datafield><datafield tag="520" ind1="8" ind2=" "><subfield code="a">Fine copy of the alphabetically arranged encyclopedic glossary on Vaṣṣāf’s renowned history, Tajziyat al-amṣār wa-tazjiyat al-aʻṣār, by Ahmet bin Mirza Mehmet bin Habib Nâilî Efendi (Aḥmad Nīlī [or Nāʼilī] ibn Mīrzā Muḥammad ibn Ḥabīb, d.1748).</subfield></datafield><datafield tag="538" ind1=" " ind2=" "><subfield code="a">Mode of access: Internet.</subfield></datafield><datafield tag="541" ind1=" " ind2=" "><subfield code="c">Purchase ;</subfield><subfield code="a">Acquired by purchase (funds donated by Horace Rackham).</subfield><subfield code="d">1924.</subfield></datafield><datafield tag="546" ind1=" " ind2=" "><subfield code="a">Ottoman Turkish and Persian.</subfield></datafield><datafield tag="561" ind1=" " ind2=" "><subfield code="a">Occasional glosses and marginal corrections (indicating variants from other ms. copies, etc.).</subfield></datafield><datafield tag="600" ind1="1" ind2="0"><subfield code="a">Vaṣṣāf al-Ḥaz̤rat, ʻAbd Allāh ibn Faz̤l Allāh,</subfield><subfield code="d">1264 or 5-1329?</subfield><subfield code="t">Tajziyat al-amṣār wa-tazjiyat al-Aʻṣār.</subfield><subfield code="v">Dictionaries.</subfield></datafield><datafield tag="650" ind1=" " ind2="0"><subfield code="a">Manuscripts, Persian</subfield><subfield code="z">Michigan</subfield><subfield code="z">Ann Arbor.</subfield></datafield><datafield tag="650" ind1=" " ind2="0"><subfield code="a">Manuscripts, Turkish</subfield><subfield code="z">Michigan</subfield><subfield code="z">Ann Arbor.</subfield></datafield><datafield tag="650" ind1=" " ind2="0"><subfield code="a">Persian language</subfield><subfield code="v">Dictionaries</subfield><subfield code="x">Turkish.</subfield></datafield><datafield tag="650" ind1=" " ind2="0"><subfield code="a">Mongols</subfield><subfield code="z">Iran</subfield><subfield code="x">History</subfield><subfield code="v">Dictionaries.</subfield></datafield><datafield tag="650" ind1=" " ind2="0"><subfield code="a">Ilkhanid dynasty</subfield><subfield code="x">History</subfield><subfield code="v">Early works to 1800.</subfield></datafield><datafield tag="651" ind1=" " ind2="0"><subfield code="a">Iran</subfield><subfield code="x">History</subfield><subfield code="y">640-1500</subfield><subfield code="v">Early works to 1800.</subfield></datafield><datafield tag="655" ind1=" " ind2="7"><subfield code="a">Headpieces (layout features)</subfield><subfield code="y">18th century.</subfield><subfield code="2">aat</subfield></datafield><datafield tag="700" ind1="0" ind2=" "><subfield code="a">Abdülhamid</subfield><subfield code="b">II,</subfield><subfield code="c">Sultan of the Turks,</subfield><subfield code="d">1842-1918,</subfield><subfield code="e">former owner.</subfield></datafield><datafield tag="773" ind1="0" ind2=" "><subfield code="a">Abdul Hamid Collection.</subfield></datafield><datafield tag="880" ind1="1" ind2="0"><subfield code="6">245-03/</subfield><subfield code="a">ما لا بد منه للاديب من المشهور والغريب على تاريخ وصاف,</subfield><subfield code="f">[ح 1745م].</subfield></datafield><datafield tag="880" ind1="0" ind2=" "><subfield code="6">100-01/</subfield><subfield code="a">نائلى احمد افندى.</subfield></datafield><datafield tag="CID" ind1=" " ind2=" "><subfield code="a">006813679</subfield></datafield><datafield tag="DAT" ind1="0" ind2=" "><subfield code="a">20190719102638.0</subfield><subfield code="b">20190719000000.0</subfield></datafield><datafield tag="DAT" ind1="1" ind2=" "><subfield code="a">20190719090653.0</subfield><subfield code="b">2019-07-19T16:11:56Z</subfield></datafield><datafield tag="DAT" ind1="2" ind2=" "><subfield code="a">2015-10-02T18:00:03Z</subfield></datafield><datafield tag="CAT" ind1=" " ind2=" "><subfield code="a">SDR-MIU</subfield><subfield code="d">EX LIBRIS - ALEPH</subfield><subfield code="l">prepare.pl-004-008</subfield></datafield><datafield tag="FMT" ind1=" " ind2=" "><subfield code="a">BK</subfield></datafield><datafield tag="HOL" ind1=" " ind2=" "><subfield code="0">sdr-miu006813679</subfield><subfield code="a">MiU</subfield><subfield code="b">SDR</subfield><subfield code="c">MIU</subfield><subfield code="p">mdp.39015079128610</subfield><subfield code="s">MIU</subfield><subfield code="1">006813679</subfield></datafield><datafield tag="974" ind1=" " ind2=" "><subfield code="b">MIU</subfield><subfield code="c">MIU</subfield><subfield code="d">20190719</subfield><subfield code="s">lit-dlps-dc</subfield><subfield code="u">mdp.39015079128610</subfield><subfield code="y">1745</subfield><subfield code="r">pd</subfield><subfield code="q">bib</subfield><subfield code="t">non-US bib date1 &lt; 1896</subfield></datafield></record></collection>